@article{chen2015xgboost,
  title={Xgboost: extreme gradient boosting},
  author={Chen, Tianqi and He, Tong and Benesty, Michael and others},
  pages={1--4},
  year={2015},
  url={http://cran.fhcrc.org/web/packages/xgboost/vignettes/xgboost.pdf}
}


@book{text_python,
  title={Text Analytics with Python A Practical Real-World Approach to Gaining Actionable Insights from Your Data},
  author={Dipanjan Sarkar},
  year={2016},
  publisher={Apress}
}


@inproceedings{gordiievych2015forecasting,
  title={Forecasting of airfare prices using time series},
  author={Gordiievych, Anastasiia and Shubin, Igor},
  booktitle={Information Technologies in Innovation Business Conference (ITIB), 2015},
  pages={68--71},
  year={2015},
  organization={IEEE}
}

@online{shiny1,
	author =       {RStudio},
	title =        {Welcome to Shiny},
	    date = {2017-01-01},
	url =  {https://shiny.rstudio.com/tutorial/written-tutorial/lesson1/},
	urldate =      {2017-10-20}
}

@mastersthesis{pk_thesis,
  author       = {Peter Harwood}, 
  title        = {The title of the work},
  school       = {The school of the thesis},
  year         = 1993,
  address      = {The address of the publisher},
  month        = 7,
}